<?xml version="1.0" encoding="UTF-8" ?>
<collection xmlns:xsi="http://www.w3.org/2001/XMLSchema-instance"
    xsi:schemaLocation="http://www.loc.gov/MARC21/slim
        http://www.loc.gov/standards/marcxml/schema/MARC21slim.xsd"
    xmlns="http://www.loc.gov/MARC21/slim">
<record>
  <leader>00257cam a2200493 i 4500</leader>
  <controlfield tag="001">b12495736</controlfield>
  <controlfield tag="003">LeBAU</controlfield>
  <controlfield tag="005">20190508</controlfield>
  <controlfield tag="008">970630s1954    ua ac         ||0 0 ara d</controlfield>
  <datafield tag="035" ind1=" " ind2=" ">
    <subfield code="a">ocn784358319</subfield>
  </datafield>
  <datafield tag="040" ind1=" " ind2=" ">
    <subfield code="a">LEAUB</subfield>
    <subfield code="b">ara</subfield>
    <subfield code="e">rda</subfield>
    <subfield code="c">LEAUB</subfield>
    <subfield code="d">LEAUB</subfield>
  </datafield>
  <datafield tag="041" ind1="1" ind2=" ">
    <subfield code="a">ara</subfield>
    <subfield code="h">eng</subfield>
  </datafield>
  <datafield tag="082" ind1="0" ind2="4">
    <subfield code="a">629.13</subfield>
    <subfield code="2">22</subfield>
  </datafield>
  <datafield tag="100" ind1="1" ind2=" ">
    <subfield code="6">880-01</subfield>
    <subfield code="a">Lindbergh, Charles A.</subfield>
    <subfield code="q">(Charles Augustus),</subfield>
    <subfield code="d">1902-1974,</subfield>
    <subfield code="e">author.</subfield>
  </datafield>
  <datafield tag="240" ind1="1" ind2="0">
    <subfield code="a">Spirit of St. Louis.</subfield>
    <subfield code="l">Arabic</subfield>
  </datafield>
  <datafield tag="245" ind1="1" ind2="0">
    <subfield code="6">880-02</subfield>
    <subfield code="a">Qāhir al-muḥīṭ :</subfield>
    <subfield code="b">mudhakkirāt Lindbirj /</subfield>
    <subfield code="c">taʼlīf Tshārlz Lindbirj ; tarjamat jamāʻah min aṣdiqāʼ Muʼassasat Frānklin ; rājaʻahu Duktūr Aḥmad Fuʼād al-Ahwānī ; maʻa muqaddimah li-qāʼid al-asrāb ʻAbd al-Laṭīf Baghdādī, ʻuḍw Majlis Qiyādat al-Thawrah wa-wazīr al-difāʻ. Wa-maqāl ʻan qiṣṣat al-ṭayarān fī Miṣr / bi-qalam al-Ustādh Kamāl Najīb.</subfield>
  </datafield>
  <datafield tag="264" ind1=" " ind2="1">
    <subfield code="6">880-03</subfield>
    <subfield code="a">al-Qāhirah :</subfield>
    <subfield code="b">Maṭābiʻ Dār Akhbār al-Yawm,</subfield>
    <subfield code="c">1954.</subfield>
  </datafield>
  <datafield tag="300" ind1=" " ind2=" ">
    <subfield code="6">880-04</subfield>
    <subfield code="a">192 pages :</subfield>
    <subfield code="b">illustrations, portraits ;</subfield>
    <subfield code="c">21 cm</subfield>
  </datafield>
  <datafield tag="336" ind1=" " ind2=" ">
    <subfield code="a">text</subfield>
    <subfield code="b">txt</subfield>
    <subfield code="2">rdacontent</subfield>
  </datafield>
  <datafield tag="337" ind1=" " ind2=" ">
    <subfield code="a">unmediated</subfield>
    <subfield code="b">n</subfield>
    <subfield code="2">rdamedia</subfield>
  </datafield>
  <datafield tag="338" ind1=" " ind2=" ">
    <subfield code="a">volume</subfield>
    <subfield code="b">nc</subfield>
    <subfield code="2">rdacarrier</subfield>
  </datafield>
  <datafield tag="600" ind1="1" ind2="4">
    <subfield code="a">لندبرغ، تشارلز أ.</subfield>
    <subfield code="q">(تشارلز أغسطس)،</subfield>
    <subfield code="d">1902-1974</subfield>
    <subfield code="v">مذكرات.</subfield>
  </datafield>
  <datafield tag="600" ind1="1" ind2="0">
    <subfield code="a">Lindbergh, Charles A.</subfield>
    <subfield code="q">(Charles Augustus),</subfield>
    <subfield code="d">1902-1974</subfield>
    <subfield code="v">Diaries.</subfield>
  </datafield>
  <datafield tag="650" ind1=" " ind2="4">
    <subfield code="a">الملاحون</subfield>
    <subfield code="z">الولايات المتحدة</subfield>
    <subfield code="v">تراجم.</subfield>
  </datafield>
  <datafield tag="650" ind1=" " ind2="0">
    <subfield code="a">رحلات عبر الأطلسي.</subfield>
  </datafield>
  <datafield tag="650" ind1=" " ind2="0">
    <subfield code="a">Air pilots</subfield>
    <subfield code="z">United States</subfield>
    <subfield code="v">Biography.</subfield>
  </datafield>
  <datafield tag="650" ind1=" " ind2="0">
    <subfield code="a">Transatlantic flights.</subfield>
  </datafield>
  <datafield tag="700" ind1="1" ind2=" ">
    <subfield code="6">880-05</subfield>
    <subfield code="a">Ahwānī, Aḥmad Fuʼād,</subfield>
    <subfield code="d">-1970,</subfield>
    <subfield code="e">reviewer.</subfield>
  </datafield>
  <datafield tag="700" ind1="1" ind2=" ">
    <subfield code="6">880-06</subfield>
    <subfield code="a">Baghdādī, ʻAbd al-Laṭīf,</subfield>
    <subfield code="e">author of introduction, etc.</subfield>
  </datafield>
  <datafield tag="700" ind1="1" ind2="2">
    <subfield code="6">880-07</subfield>
    <subfield code="a">Najīb, Kamāl.</subfield>
    <subfield code="t">Qiṣṣat al-ṭayarān fī Miṣr.</subfield>
  </datafield>
  <datafield tag="765" ind1="0" ind2="8">
    <subfield code="6">880-08</subfield>
    <subfield code="i">is translation of</subfield>
    <subfield code="4">http://rdaregistry.info/Elements/e/P20141 :</subfield>
    <subfield code="a">Lindbergh, Charles A. (Charles Augustus), 1902-1974.</subfield>
    <subfield code="t">The Spirit of St. Louis.</subfield>
    <subfield code="d">New York : Scribner, 1953</subfield>
    <subfield code="w">(OCoLC)00573440</subfield>
    <subfield code="w">(OCoLC)00573440</subfield>
  </datafield>
  <datafield tag="852" ind1=" " ind2=" ">
    <subfield code="a">Jafet Library</subfield>
    <subfield code="e">American University of Beirut, Bliss Street , Beirut, Lebanon.</subfield>
  </datafield>
  <datafield tag="880" ind1="1" ind2=" ">
    <subfield code="6">100-01/(3/r</subfield>
    <subfield code="a">لندبرغ، تشارلز أ.</subfield>
    <subfield code="q">(تشارلز أغسطس)،</subfield>
    <subfield code="d">1902-1974،</subfield>
    <subfield code="e">مؤلف. </subfield>
    <subfield code="4">aut.</subfield>
  </datafield>
  <datafield tag="880" ind1="1" ind2="0">
    <subfield code="6">245-02/(3/r</subfield>
    <subfield code="a">قاهر المحيط :</subfield>
    <subfield code="b">مذكرات الطيار لندبرغ /</subfield>
    <subfield code="c">تأليف تشارلز لندبرغ ؛ ترجمة جماعة من أصدقاء مؤسسة فرانكلين ؛ راجعه دكتور أحمد فؤاد الأهواني ؛ مع مقدمة لقائد الأسراب عبد اللطيف بغدادي، عضو مجلس قيادة الثورة ووزير الدفاع. ومقال عن قصة الطيران في مصر / بقلم الأستاذ كمال نجيب.</subfield>
  </datafield>
  <datafield tag="880" ind1=" " ind2="1">
    <subfield code="6">264-03/(3/r</subfield>
    <subfield code="a">القاهرة :</subfield>
    <subfield code="b">مطابع دار اخبار اليوم،</subfield>
    <subfield code="c">1954.</subfield>
  </datafield>
  <datafield tag="880" ind1=" " ind2=" ">
    <subfield code="6">300-04/(3/r</subfield>
    <subfield code="a">192 صفحة :</subfield>
    <subfield code="b">مصورات، صور شخصانية ؛</subfield>
    <subfield code="c">21 سم</subfield>
  </datafield>
  <datafield tag="880" ind1="1" ind2=" ">
    <subfield code="6">700-05/(3/r</subfield>
    <subfield code="a">الاهواني، احمد فؤاد،</subfield>
    <subfield code="d">-1970،</subfield>
    <subfield code="e">مراجع. </subfield>
    <subfield code="4">rev.</subfield>
  </datafield>
  <datafield tag="880" ind1="1" ind2=" ">
    <subfield code="6">700-06/(3/r</subfield>
    <subfield code="a">البغدادي، عبد اللطيف،</subfield>
    <subfield code="e">مؤلف مقدمة. </subfield>
    <subfield code="4">aui.</subfield>
  </datafield>
  <datafield tag="880" ind1="1" ind2="2">
    <subfield code="6">700-07/(3/r</subfield>
    <subfield code="a">نجيب، كمال.</subfield>
    <subfield code="t">قصة الطيران في مصر.</subfield>
  </datafield>
  <datafield tag="880" ind1="0" ind2="8">
    <subfield code="6">765-08/(3/r</subfield>
    <subfield code="i">ترجمة</subfield>
    <subfield code="4">http://rdaregistry.info/Elements/e/P20141 :</subfield>
    <subfield code="a">Lindbergh, Charles A. (Charles Augustus), 1902-1974.</subfield>
    <subfield code="t">The Spirit of St. Louis.</subfield>
    <subfield code="d">New York : Scribner, 1953</subfield>
    <subfield code="w">(LEAUB)b11081909</subfield>
    <subfield code="w">(OCoLC)00573440</subfield>
  </datafield>
  <datafield tag="907" ind1=" " ind2=" ">
    <subfield code="a">.b12495736</subfield>
    <subfield code="b">19-05-30</subfield>
    <subfield code="c">11-05-24</subfield>
  </datafield>
  <datafield tag="907" ind1=" " ind2=" ">
    <subfield code="a">.b12495736</subfield>
    <subfield code="b">11-10-11</subfield>
    <subfield code="c">11-05-24</subfield>
  </datafield>
  <datafield tag="945" ind1=" " ind2=" ">
    <subfield code="f">J</subfield>
    <subfield code="a">629.13:L74sA</subfield>
    <subfield code="i">01028238</subfield>
    <subfield code="j">.i12990140</subfield>
    <subfield code="l">u0503</subfield>
  </datafield>
  <datafield tag="998" ind1=" " ind2=" ">
    <subfield code="a">u05</subfield>
    <subfield code="b">97-06-30</subfield>
    <subfield code="c">m</subfield>
    <subfield code="d">a  </subfield>
    <subfield code="e">-</subfield>
    <subfield code="f">ara</subfield>
    <subfield code="g">ua </subfield>
    <subfield code="h">0</subfield>
    <subfield code="i">1</subfield>
  </datafield>
</record>
</collection>
